<?xml version="1.0" encoding="UTF-8"?>
<collection xmlns:xsi="http://www.w3.org/2001/XMLSchema-instance" xsi:schemaLocation="http://www.loc.gov/MARC21/slim http://www.loc.gov/standards/marcxml/schema/MARC21slim.xsd" xmlns="http://www.loc.gov/MARC21/slim">
<record>
  <leader>01030cam a2200229 a 4500</leader>
  <controlfield tag="001">2958176</controlfield>
  <controlfield tag="003">NNC</controlfield>
  <controlfield tag="005">20130426002621.0</controlfield>
  <controlfield tag="008">970102s1906    ua            000 0 ara d</controlfield>
  <datafield tag="035" ind1=" " ind2=" ">
    <subfield code="a">(OCoLC)ocm36150510</subfield>
  </datafield>
  <datafield tag="035" ind1=" " ind2=" ">
    <subfield code="9">ASK3280CU</subfield>
  </datafield>
  <datafield tag="035" ind1=" " ind2=" ">
    <subfield code="a">(NNC)2958176</subfield>
  </datafield>
  <datafield tag="040" ind1=" " ind2=" ">
    <subfield code="a">OSU</subfield>
    <subfield code="c">OSU</subfield>
    <subfield code="d">ZCU</subfield>
  </datafield>
  <datafield tag="090" ind1=" " ind2=" ">
    <subfield code="a">BP174</subfield>
    <subfield code="b">.B35</subfield>
  </datafield>
  <datafield tag="100" ind1="1" ind2=" ">
    <subfield code="a">Bannānī, Fatḥ Allāh ibn Abī Bakr,</subfield>
    <subfield code="d">1864 or 1865-1934 or 1935.</subfield>
  </datafield>
  <datafield tag="240" ind1="1" ind2="0">
    <subfield code="a">Tuḥfat ahl al-futūḥāt wa-al-adhwāq</subfield>
  </datafield>
  <datafield tag="245" ind1="1" ind2="0">
    <subfield code="a">Kitāb tuḥfat ahl al-futūḥāt wa-al-adhwāq fī ittikhādh al-subḥah wa-jaʻlihā fī al-aʻnāq wa-baʻḍ al-ādāb al-lāʾiqah bi-al-mukrimīn bi-ṣuḥbat ahl ḥaḍrat al-aṭlāq bi-faḍl al-karīm al-khalāq /</subfield>
    <subfield code="c">Fatḥ Allāh ibn Abī Bakr al-Bannānī.</subfield>
  </datafield>
  <datafield tag="260" ind1=" " ind2=" ">
    <subfield code="a">Miṣr :</subfield>
    <subfield code="b">Maṭbāʻat al-Taqaddum,</subfield>
    <subfield code="c">1324 [1906]</subfield>
  </datafield>
  <datafield tag="300" ind1=" " ind2=" ">
    <subfield code="a">16, 16, 156 p. ;</subfield>
    <subfield code="c">24 cm.</subfield>
  </datafield>
  <datafield tag="650" ind1=" " ind2="0">
    <subfield code="a">Sufism.</subfield>
  </datafield>
  <datafield tag="740" ind1="0" ind2="1">
    <subfield code="a">Tuḥfat ahl al-futūḥāt wa-al-adhwāq fī ittikhādh al-subḥah wa-jaʻlihā fī al-aʻnāq.</subfield>
  </datafield>
  <datafield tag="955" ind1=" " ind2=" ">
    <subfield code="b">CU55321569</subfield>
    <subfield code="d">off,glx</subfield>
    <subfield code="e">BP174 .B35</subfield>
  </datafield>
</record>
</collection>